<record><leader>00000cas a22000007a 4500</leader><controlfield tag="001">13641053</controlfield><controlfield tag="008">860523d19171925scudn ne      0    0eng d</controlfield><datafield ind1=" " ind2=" " tag="010"><subfield code="a">sn 86063794 </subfield></datafield><datafield ind1=" " ind2=" " tag="040"><subfield code="a">KSH</subfield><subfield code="b">eng</subfield><subfield code="c">KSH</subfield><subfield code="d">NPT</subfield><subfield code="d">SVN</subfield><subfield code="d">OCLCQ</subfield></datafield><datafield ind1=" " ind2=" " tag="042"><subfield code="a">msc</subfield></datafield><datafield ind1="0" ind2="4" tag="245"><subfield code="a">The Anderson tribune.</subfield></datafield><datafield ind1="3" ind2="0" tag="246"><subfield code="a">Anderson daily tribune</subfield></datafield><datafield ind1=" " ind2=" " tag="260"><subfield code="a">Anderson, S.C. :</subfield><subfield code="b">E.V. Crist</subfield></datafield><datafield ind1=" " ind2=" " tag="300"><subfield code="a">v. ;</subfield><subfield code="c">56 cm.</subfield></datafield><datafield ind1=" " ind2=" " tag="310"><subfield code="a">Daily (except Monday)</subfield></datafield><datafield ind1="1" ind2=" " tag="362"><subfield code="a">Began in 1917; ceased in 1925.</subfield></datafield><datafield ind1=" " ind2=" " tag="500"><subfield code="a">Published as: Anderson daily tribune, Nov. 21, 1920.</subfield></datafield><datafield ind1=" " ind2=" " tag="588"><subfield code="a">Description based on: Nov. 21, 1920.</subfield></datafield><datafield ind1=" " ind2="4" tag="651"><subfield code="a">Anderson County (S.C.)</subfield><subfield code="v">Newspapers.</subfield></datafield><datafield ind1=" " ind2=" " tag="752"><subfield code="a">United States</subfield><subfield code="b">South Carolina</subfield><subfield code="c">Anderson</subfield><subfield code="d">Anderson.</subfield></datafield><datafield ind1="0" ind2="0" tag="780"><subfield code="t">Anderson farmer's tribune</subfield><subfield code="w">(DLC)sn 93067617</subfield></datafield><datafield ind1="0" ind2="7" tag="785"><subfield code="t">Anderson independent</subfield><subfield code="w">(DLC)sn 86063795</subfield></datafield><datafield ind1="0" ind2="7" tag="785"><subfield code="t">Anderson independent and tribune</subfield><subfield code="w">(DLC)sn 93067655</subfield></datafield><datafield ind1="1" ind2=" " tag="029"><subfield code="a">AU@</subfield><subfield code="b">000025816040</subfield></datafield></record>